@online{bouncy,
	Title = {Bouncy Castle Releases Page},
	Url = {https://www.bouncycastle.org/latest_releases.html},
	Urldate = {2023-01-13}
 }

@online{kyber,
	Title = {CRYSTALS Kyber Page},
	Url = {https://pq-crystals.org/kyber/index.shtml},
	Urldate = {2023-01-13}
 }

@online{kyberBC,
	Title = {Kyber Bouncy Castle Page},
	Url = {https://www.bouncycastle.org/docs/docs1.8on/index.html},
	Urldate = {2023-01-13}
 }
